
@book{hitzler2009foundations,
  author      = {Hitzler, Pascal and Kr{\"o}tzsch, Markus and Rudolph, Sebastian},
  title       = {Foundations of Semantic Web Technologies},
  year        = {2009},
  publisher   = {Chapman and Hall/CRC},
  location    = {Boca Raton},
  isbn        = {978-1-4200-9059-5},
  doi         = {10.1201/9781420090512}
}

@article{bernerslee2001semantic,
  author      = {Berners-Lee, Tim and Hendler, James and Lassila, Ora},
  title       = {The Semantic Web},
  journaltitle= {Scientific American},
  date        = {2001-05},
  volume      = {284},
  number      = {5},
  pages       = {28--37},
  url         = {https://www.scientificamerican.com/article/the-semantic-web/}
}

@article{hogan2021knowledge,
  author      = {Hogan, Aidan and Blomqvist, Eva and Cochez, Michael and d'Amato, Claudia and de Melo, Gerard and Guti{\'e}rrez, Claudio and Kirrane, Sabrina and Labra Gayo, Jos{\'e} Emilio and Navigli, Roberto and Neumaier, Sebastian and Ngonga Ngomo, Axel{-}Cyrille and Polleres, Axel and Rashid, Sabbir M. and Rula, Anisa and Schmelzeisen, Lukas and Sequeda, Juan F. and Staab, Steffen and Zimmermann, Antoine},
  title       = {Knowledge Graphs},
  journaltitle= {ACM Computing Surveys},
  year        = {2021},
  volume      = {54},
  number      = {4},
  articleno   = {71},
  pages       = {1--37},
  doi         = {10.1145/3447772}
}

@online{w3c_sparql11,
  author      = {Harris, Steve and Seaborne, Andy},
  title       = {SPARQL 1.1 Query Language},
  date        = {2013-03-21},
  organization= {W3C},
  type        = {W3C Recommendation},
  url         = {https://www.w3.org/TR/sparql11-query/}
}

@inproceedings{brown2020language,
  author      = {Brown, Tom B. and Mann, Benjamin and Ryder, Nick and Subbiah, Melanie and Kaplan, Jared D. and Dhariwal, Prafulla and Neelakantan, Arvind and Shyam, Pranav and Sastry, Girish and Askell, Amanda and others},
  title       = {Language Models are Few-Shot Learners},
  booktitle   = {Advances in Neural Information Processing Systems 33 (NeurIPS 2020)},
  year        = {2020},
  eprint      = {2005.14165},
  eprinttype  = {arXiv},
  url         = {https://arxiv.org/abs/2005.14165}
}

@misc{openai2023gpt4,
  author      = {{OpenAI}},
  title       = {GPT-4 Technical Report},
  year        = {2023},
  eprint      = {2303.08774},
  eprinttype  = {arXiv},
  url         = {https://arxiv.org/abs/2303.08774}
}

@misc{eu2016gdpr,
  title       = {Regulation (EU) 2016/679 (General Data Protection Regulation)},
  date        = {2016-04-27},
  howpublished= {Official Journal of the European Union, L119},
  note        = {OJ L 119, 04.05.2016, p. 1--88},
  url         = {https://eur-lex.europa.eu/eli/reg/2016/679/oj}
}
